@preamble{ "\newcommand{\noopsort}[1]{} "
	# "\newcommand{\printfirst}[2]{#1} "
	# "\newcommand{\singleletter}[1]{#1} "
	# "\newcommand{\switchargs}[2]{#2#1} " }

@book{Wil11,
 author = {Williamson, David P. and Shmoys, David B.},
 title = {The Design of Approximation Algorithms},
 year = {2011},
 isbn = {0521195276, 9780521195270},
 edition = {1st},
 publisher = {Cambridge University Press},
 address = {New York, NY, USA},
} 
@book{Zve08,
  title={Understanding Bioinformatics},
  author={Zvelebil, M.J. and Baum, J.O.},
  isbn={9780815340249},
  lccn={2007027514},
  url={http://books.google.sk/books?id=dGayL\_tdnBMC},
  year={2008},
  publisher={Garland Science}
}
@inproceedings{Kovac2011,
 author={Jakub Kovac and  Brona Brejova and  Tomas Vinar},
 title={{A Practical Algorithm for Ancestral Rearrangement Reconstruction}},
 editor={Teresa M. Przytycka and  Marie-France Sagot},
 booktitle={Algorithms in Bioinformatics, 11th International Workshop (WABI)},
 volume={6833},
 series={Lecture Notes in Computer Science},
 pages={163--174},
 address={Saarbrücken, Germany},
 month={September},
 year={2011},
 publisher={Springer}
}
@mastersthesis{Herencsar2014,
 author={Albert Herencsár},
 title={{An improved algorithm for ancestral gene order reconstruction}},
 school={Comenius University in Bratislava},
 year={2014},
 note={Supervised by Broňa Brejová}
}
@misc{Hozza2014,
 author={Ján Hozza},
 title={{Rekonštrukcia duplikačných histórií pomocou pravdepodobnostného modelu}},
 howpublished={Bachelor thesis, Comenius University in Bratislava},
 year={2014},
 note={Supervised by Tomáš Vinař}
}
@article{Vinar2010,
 author={Tomas Vinar and  Brona Brejova and  Giltae Song and  Adam C. Siepel},
 title={{Reconstructing Histories of Complex Gene Clusters on a Phylogeny}},
 journal={Journal of Computational Biology},
 volume={17},
 number={9},
 pages={1267--1279},
 year={2010},
 note={Early version appeared in RECOMB-CG 2009}
}

@online{biowiki,
author = {Tomas Vinar and  Brona Brejova},
title = {Biowiki},
year = 2014,
url = {http://biowiki.brejovci.net},
urldate = {2015-03-04}
}
@inproceedings{Slavik,
 author = {Slav\'{\i}k, Petr},
 title = {A Tight Analysis of the Greedy Algorithm for Set Cover},
 booktitle = {Proceedings of the Twenty-eighth Annual ACM Symposium on Theory of Computing},
 series = {STOC '96},
 year = {1996},
 isbn = {0-89791-785-5},
 location = {Philadelphia, Pennsylvania, USA},
 pages = {435--441},
 numpages = {7},
 url = {http://doi.acm.org/10.1145/237814.237991},
 doi = {10.1145/237814.237991},
 acmid = {237991},
 publisher = {ACM},
 address = {New York, NY, USA},
 keywords = {approximation algorithms, fractional set cover, greedy algorithm, partial set cover, set cover},
} 
@misc{ wiki,
   author = "Wikipedia",
   title = "{Linear programming} --- {W}ikipedia{,} The Free Encyclopedia",
   year = "2016",
   howpublished = {\url{http://en.wikipedia.org/w/index.php?title=Linear%20programming&oldid=713865251}},
   note = "[Online; accessed 10-May-2016]"
 }
 @incollection{Karp,
  added-at = {2006-11-06T22:06:28.000+0100},
  author = {Karp, R.},
  biburl = {http://www.bibsonomy.org/bibtex/21fa7a672ce72ed916311dc52e5a93038/lysander07},
  booktitle = {Complexity of Computer Computations},
  editor = {Miller, R. and Thatcher, J.},
  interhash = {427e5bfc8069f94f57c5d43b6fd85949},
  intrahash = {1fa7a672ce72ed916311dc52e5a93038},
  keywords = {imported XMLTage2006-2},
  pages = {85--103},
  publisher = {Plenum Press},
  timestamp = {2009-01-27T15:24:50.000+0100},
  title = {Reducibility among combinatorial problems},
  year = 1972
}
